<?xml version="1.0" encoding="UTF-8"?><collection xmlns="http://www.loc.gov/MARC21/slim"><record><leader>00361nam--2200133-i-4500</leader><controlfield tag="001">000049666</controlfield><controlfield tag="002">20161230</controlfield><controlfield tag="005">20161230201047</controlfield><controlfield tag="008">060222s1000------------r-----000-0-eng-d</controlfield><datafield ind1=" " ind2=" " tag="080"><subfield code="a">548.73</subfield></datafield><datafield ind1=" " ind2=" " tag="100"><subfield code="a">Aslanov, L.A. Itreushnikov, E.N</subfield></datafield><datafield ind1=" " ind2=" " tag="245"><subfield code="a">Osnovy teoriidifrakcii rentgenovskih luchei</subfield></datafield><datafield ind1=" " ind2=" " tag="260"><subfield code="a">Moskva, Izd. Moskovskogo Univ., 1985, 216s</subfield></datafield><datafield ind1=" " ind2=" " tag="852"><subfield code="a">72769</subfield></datafield></record></collection>